@inproceedings{ni2021close,
  title={The close relationship between contrastive learning and meta-learning},
  author={Ni, Renkun and Shu, Manli and Souri, Hossein and Goldblum, Micah and Goldstein, Tom},
  booktitle={International Conference on Learning Representations},
  year={2021}
}

@inproceedings{li2022metaug,
  title={Metaug: Contrastive learning via meta feature augmentation},
  author={Li, Jiangmeng and Qiang, Wenwen and Zheng, Changwen and Su, Bing and Xiong, Hui},
  booktitle={International Conference on Machine Learning},
  pages={12964--12978},
  year={2022},
  organization={PMLR}
}

@article{vuorio2018meta,
  title={Meta continual learning},
  author={Vuorio, Risto and Cho, Dong-Yeon and Kim, Daejoong and Kim, Jiwon},
  journal={arXiv preprint arXiv:1806.06928},
  year={2018}
}

@article{gupta2020look,
  title={Look-ahead meta learning for continual learning},
  author={Gupta, Gunshi and Yadav, Karmesh and Paull, Liam},
  journal={Advances in Neural Information Processing Systems},
  volume={33},
  pages={11588--11598},
  year={2020}
}

@article{von2021learning,
  title={Learning where to learn: Gradient sparsity in meta and continual learning},
  author={Von Oswald, Johannes and Zhao, Dominic and Kobayashi, Seijin and Schug, Simon and Caccia, Massimo and Zucchet, Nicolas and Sacramento, Jo{\~a}o},
  journal={Advances in Neural Information Processing Systems},
  volume={34},
  pages={5250--5263},
  year={2021}
}
