@article{oord2018representation,
  title={Representation learning with contrastive predictive coding},
  author={Oord, Aaron van den and Li, Yazhe and Vinyals, Oriol},
  journal={arXiv preprint arXiv:1807.03748},
  year={2018}
}

@inproceedings{chen2020simple,
  title={A simple framework for contrastive learning of visual representations},
  author={Chen, Ting and Kornblith, Simon and Norouzi, Mohammad and Hinton, Geoffrey},
  booktitle={International conference on machine learning},
  pages={1597--1607},
  year={2020},
  organization={PMLR}
}

@article{xu2022negative,
  title={Negative sampling for contrastive representation learning: A review},
  author={Xu, Lanling and Lian, Jianxun and Zhao, Wayne Xin and Gong, Ming and Shou, Linjun and Jiang, Daxin and Xie, Xing and Wen, Ji-Rong},
  journal={arXiv preprint arXiv:2206.00212},
  year={2022}
}

@inproceedings{wang2021understanding,
  title={Understanding the behaviour of contrastive loss},
  author={Wang, Feng and Liu, Huaping},
  booktitle={Proceedings of the IEEE/CVF conference on computer vision and pattern recognition},
  pages={2495--2504},
  year={2021}
}

@article{chen2021intriguing,
  title={Intriguing properties of contrastive losses},
  author={Chen, Ting and Luo, Calvin and Li, Lala},
  journal={Advances in Neural Information Processing Systems},
  volume={34},
  pages={11834--11845},
  year={2021}
}
