@inproceedings{hayes2020remind,
  title={Remind your neural network to prevent catastrophic forgetting},
  author={Hayes, Tyler L and Kafle, Kushal and Shrestha, Robik and Acharya, Manoj and Kanan, Christopher},
  booktitle={European Conference on Computer Vision},
  pages={466--483},
  year={2020},
  organization={Springer}
}

@inproceedings{hou2019learning,
  title={Learning a unified classifier incrementally via rebalancing},
  author={Hou, Saihui and Pan, Xinyu and Loy, Chen Change and Wang, Zilei and Lin, Dahua},
  booktitle={Proceedings of the IEEE/CVF conference on computer vision and pattern recognition},
  pages={831--839},
  year={2019}
}

@inproceedings{rebuffi2017icarl,
  title={icarl: Incremental classifier and representation learning},
  author={Rebuffi, Sylvestre-Alvise and Kolesnikov, Alexander and Sperl, Georg and Lampert, Christoph H},
  booktitle={Proceedings of the IEEE conference on Computer Vision and Pattern Recognition},
  pages={2001--2010},
  year={2017}
}

@inproceedings{castro2018end,
  title={End-to-end incremental learning},
  author={Castro, Francisco M and Mar{\'\i}n-Jim{\'e}nez, Manuel J and Guil, Nicol{\'a}s and Schmid, Cordelia and Alahari, Karteek},
  booktitle={Proceedings of the European conference on computer vision (ECCV)},
  pages={233--248},
  year={2018}
}

@inproceedings{zhang2020class,
  title={Class-incremental learning via deep model consolidation},
  author={Zhang, Junting and Zhang, Jie and Ghosh, Shalini and Li, Dawei and Tasci, Serafettin and Heck, Larry and Zhang, Heming and Kuo, C-C Jay},
  booktitle={Proceedings of the IEEE/CVF Winter Conference on Applications of Computer Vision},
  pages={1131--1140},
  year={2020}
}

@inproceedings{hayes2020lifelong,
  title={Lifelong machine learning with deep streaming linear discriminant analysis},
  author={Hayes, Tyler L and Kanan, Christopher},
  booktitle={Proceedings of the IEEE/CVF conference on computer vision and pattern recognition workshops},
  pages={220--221},
  year={2020}
}

@inproceedings{wu2019large,
  title={Large scale incremental learning},
  author={Wu, Yue and Chen, Yinpeng and Wang, Lijuan and Ye, Yuancheng and Liu, Zicheng and Guo, Yandong and Fu, Yun},
  booktitle={Proceedings of the IEEE/CVF conference on computer vision and pattern recognition},
  pages={374--382},
  year={2019}
}

