@article{zhang2020self,
  title={Self-supervised learning aided class-incremental lifelong learning},
  author={Zhang, Song and Shen, Gehui and Huang, Jinsong and Deng, Zhi-Hong},
  journal={arXiv preprint arXiv:2006.05882},
  year={2020}
}

@inproceedings{shen2021generative,
  title={Generative feature replay with orthogonal weight modification for continual learning},
  author={Shen, Gehui and Zhang, Song and Chen, Xiang and Deng, Zhi-Hong},
  booktitle={2021 International Joint Conference on Neural Networks (IJCNN)},
  pages={1--8},
  year={2021},
  organization={IEEE}
}

@inproceedings{fini2022self,
  title={Self-supervised models are continual learners},
  author={Fini, Enrico and Da Costa, Victor G Turrisi and Alameda-Pineda, Xavier and Ricci, Elisa and Alahari, Karteek and Mairal, Julien},
  booktitle={Proceedings of the IEEE/CVF Conference on Computer Vision and Pattern Recognition},
  pages={9621--9630},
  year={2022}
}

@article{gallardo2021self,
  title={Self-supervised training enhances online continual learning},
  author={Gallardo, Jhair and Hayes, Tyler L and Kanan, Christopher},
  journal={arXiv preprint arXiv:2103.14010},
  year={2021}
}

@inproceedings{purushwalkam2022challenges,
  title={The challenges of continuous self-supervised learning},
  author={Purushwalkam, Senthil and Morgado, Pedro and Gupta, Abhinav},
  booktitle={European Conference on Computer Vision},
  pages={702--721},
  year={2022},
  organization={Springer}
}

@article{pham2021dualnet,
  title={Dualnet: Continual learning, fast and slow},
  author={Pham, Quang and Liu, Chenghao and Hoi, Steven},
  journal={Advances in Neural Information Processing Systems},
  volume={34},
  pages={16131--16144},
  year={2021}
}

@inproceedings{cha2021co2l,
  title={Co2l: Contrastive continual learning},
  author={Cha, Hyuntak and Lee, Jaeho and Shin, Jinwoo},
  booktitle={Proceedings of the IEEE/CVF International conference on computer vision},
  pages={9516--9525},
  year={2021}
}

@article{yang2023efficient,
  title={Efficient Self-supervised Continual Learning with Progressive Task-correlated Layer Freezing},
  author={Yang, Li and Lin, Sen and Zhang, Fan and Zhang, Junshan and Fan, Deliang},
  journal={arXiv preprint arXiv:2303.07477},
  year={2023}
}

@article{madaan2021representational,
  title={Representational continuity for unsupervised continual learning},
  author={Madaan, Divyam and Yoon, Jaehong and Li, Yuanchun and Liu, Yunxin and Hwang, Sung Ju},
  journal={arXiv preprint arXiv:2110.06976},
  year={2021}
}

@inproceedings{gomez2022continually,
  title={Continually learning self-supervised representations with projected functional regularization},
  author={Gomez-Villa, Alex and Twardowski, Bartlomiej and Yu, Lu and Bagdanov, Andrew D and van de Weijer, Joost},
  booktitle={Proceedings of the IEEE/CVF Conference on Computer Vision and Pattern Recognition},
  pages={3867--3877},
  year={2022}
}

@inproceedings{yu2023scale,
  title={SCALE: Online Self-Supervised Lifelong Learning without Prior Knowledge},
  author={Yu, Xiaofan and Guo, Yunhui and Gao, Sicun and Rosing, Tajana},
  booktitle={Proceedings of the IEEE/CVF Conference on Computer Vision and Pattern Recognition},
  pages={2483--2494},
  year={2023}
}

@article{cha2023sy,
  title={Sy-CON: Symmetric Contrastive Loss for Continual Self-Supervised Representation Learning},
  author={Cha, Sungmin and Moon, Taesup},
  journal={arXiv preprint arXiv:2306.05101},
  year={2023}
}
